<record><leader>00000cas a22000007a 4500</leader><controlfield tag="001">17489984</controlfield><controlfield tag="008">880217d19491953deuwr ne      0    0eng d</controlfield><datafield ind1=" " ind2=" " tag="010"><subfield code="a">sn 88053008 </subfield></datafield><datafield ind1=" " ind2=" " tag="040"><subfield code="a">DEX</subfield><subfield code="b">eng</subfield><subfield code="c">DEX</subfield><subfield code="d">OCLCQ</subfield></datafield><datafield ind1=" " ind2=" " tag="042"><subfield code="a">msc</subfield></datafield><datafield ind1="0" ind2=" " tag="130"><subfield code="a">Sunday star (Wilmington, Del.)</subfield></datafield><datafield ind1="1" ind2="4" tag="245"><subfield code="a">The Sunday star.</subfield></datafield><datafield ind1="1" ind2="3" tag="246"><subfield code="a">Sunday morning star</subfield></datafield><datafield ind1=" " ind2=" " tag="260"><subfield code="a">Wilmington, Del. :</subfield><subfield code="b">Star Pub. Co.</subfield></datafield><datafield ind1=" " ind2=" " tag="300"><subfield code="a">v.</subfield></datafield><datafield ind1=" " ind2=" " tag="310"><subfield code="a">Weekly</subfield></datafield><datafield ind1="0" ind2=" " tag="362"><subfield code="a">69th year, no. 11 (Nov. 13, 1949)-72nd year, no. 51 (Feb. 22, 1953).</subfield></datafield><datafield ind1=" " ind2=" " tag="752"><subfield code="a">United States</subfield><subfield code="b">Delaware</subfield><subfield code="c">New Castle</subfield><subfield code="d">Wilmington.</subfield></datafield><datafield ind1="0" ind2="0" tag="780"><subfield code="t">Sunday morning star (Wilmington, Del.)</subfield><subfield code="w">(DLC)sn 87062254</subfield></datafield><datafield ind1="0" ind2="0" tag="785"><subfield code="t">Wilmington Sunday star</subfield><subfield code="w">(DLC)sn 88053009</subfield></datafield></record>